%% This BibTeX bibliography file was created using BibDesk.
%% http://bibdesk.sourceforge.net/


%% Created for Thorsten Karrer at 2005-11-22 15:59:55 +0100 


%% Saved with string encoding ASCII (TeX) 
@article{5,
	doi = {10.1016/j.cell.2011.02.013},
	url = {https://doi.org/10.1016/j.cell.2011.02.013},
	year  = {2011},
	month = {mar},
	publisher = {Elsevier {BV}},
	volume = {144},
	number = {5},
	pages = {646--674},
	author = {Douglas Hanahan and Robert~A. Weinberg},
	title = {Hallmarks of Cancer: The Next Generation},
	journal = {Cell}
}

@article{1, title={Data integration in the era of omics: current and future challenges}, volume={8}, DOI={10.1186/1752-0509-8-s2-i1}, number={Suppl 2}, journal={BMC Systems Biology}, author={Gomez-Cabrero, David and Abugessaisa, Imad and Maier, Dieter and Teschendorff, Andrew and Merkenschlager, Matthias and Gisel, Andreas and Ballestar, Esteban and Bongcam-Rudloff, Erik and Conesa, Ana and Tegnér, Jesper and et al.}, year={2014}}

@article{2, title={Integrative Analysis of Complex Cancer Genomics and Clinical Profiles Using the cBioPortal}, volume={6}, DOI={10.1126/scisignal.2004088}, number={269}, journal={Science Signaling}, author={Gao, J. and Aksoy, B. A. and Dogrusoz, U. and Dresdner, G. and Gross, B. and Sumer, S. O. and Sun, Y. and Jacobsen, A. and Sinha, R. and Larsson, E. and et al.}, year={2013}}

@article{3, title={Managing data lakes in big data era: What's a data lake and why has it became popular in data management ecosystem}, DOI={10.1109/cyber.2015.7288049}, journal={2015 IEEE International Conference on Cyber Technology in Automation, Control, and Intelligent Systems (CYBER)}, author={Fang, Huang}, year={2015}}

@article{4, title={Review The Cancer Genome Atlas (TCGA): an immeasurable source of knowledge}, volume={1A}, DOI={10.5114/wo.2014.47136}, journal={Współczesna Onkologia}, author={Tomczak, Katarzyna and Czerwińska, Patrycja and Wiznerowicz, Maciej}, year={2015}, pages={68–77}}

@misc{NIH,
	title = {Understanding Cancer: Cancer Statistics},
	howpublished={\url{https://www.cancer.gov/about-cancer/understanding/statistics}},
	note = {Accessed: 2017-05-21}
}
@article{stratton2009cancer,
	title={The cancer genome},
	author={Stratton, Michael R and Campbell, Peter J and Futreal, P Andrew},
	journal={Nature},
	volume={458},
	number={7239},
	pages={719--724},
	year={2009},
	publisher={Nature Publishing Group}
}
@article{lengauer1998genetic,
	title={Genetic instabilities in human cancers},
	author={Lengauer, Christoph and Kinzler, Kenneth W and Vogelstein, Bert},
	journal={Nature},
	volume={396},
	number={6712},
	pages={643--649},
	year={1998},
	publisher={Nature Publishing Group}
}
@article{chen2014big,
	title={Big data: A survey},
	author={Chen, Min and Mao, Shiwen and Liu, Yunhao},
	journal={Mobile Networks and Applications},
	volume={19},
	number={2},
	pages={171--209},
	year={2014},
	publisher={Springer}
}
@article{noy2009bioportal,
	title={BioPortal: ontologies and integrated data resources at the click of a mouse},
	author={Noy, Natalya F and Shah, Nigam H and Whetzel, Patricia L and Dai, Benjamin and Dorf, Michael and Griffith, Nicholas and Jonquet, Clement and Rubin, Daniel L and Storey, Margaret-Anne and Chute, Christopher G and others},
	journal={Nucleic acids research},
	volume={37},
	number={suppl\_2},
	pages={W170--W173},
	year={2009},
	publisher={Oxford University Press}
}
@article{lee2016exploring,
	title={Exploring cancer genomic data from the cancer genome atlas project},
	author={Lee, Ju-Seog},
	journal={BMB reports},
	volume={49},
	number={11},
	pages={607},
	year={2016},
	publisher={Korean Society for Biochemistry and Molecular Biology}
}
@article{10002010map,
	title={A map of human genome variation from population-scale sequencing},
	author={1000 Genomes Project Consortium and others},
	journal={Nature},
	volume={467},
	number={7319},
	pages={1061--1073},
	year={2010},
	publisher={Nature Research}
}
@article{10002012integrated,
	title={An integrated map of genetic variation from 1,092 human genomes},
	author={1000 Genomes Project Consortium and others},
	journal={Nature},
	volume={491},
	number={7422},
	pages={56--65},
	year={2012},
	publisher={Nature Research}
}
@article{ecker2012genomics,
	title={Genomics: ENCODE explained},
	author={Ecker, Joseph R and Bickmore, Wendy A and Barroso, In{\^e}s and Pritchard, Jonathan K and Gilad, Yoav and Segal, Eran},
	journal={Nature},
	volume={489},
	number={7414},
	pages={52--55},
	year={2012},
	publisher={Nature Research}
}
@article{shay2013immunological,
	title={Immunological Genome Project and systems immunology},
	author={Shay, Tal and Kang, Joonsoo},
	journal={Trends in immunology},
	volume={34},
	number={12},
	pages={602--609},
	year={2013},
	publisher={Elsevier}
}
@inproceedings{miles2005skos,
	title={SKOS core: simple knowledge organisation for the web},
	author={Miles, Alistair and Matthews, Brian and Wilson, Michael and Brickley, Dan},
	booktitle={International Conference on Dublin Core and Metadata Applications},
	pages={3--10},
	year={2005}
}
